
@article{tatler-vincent2009,
  title={The prominence of behavioural biases in eye guidance},
  author={Tatler, Benjamin W and Vincent, Benjamin T},
  journal={Visual Cognition},
  volume={17},
  number={6-7},
  pages={1029--1054},
  year={2009},
  publisher={Taylor \& Francis}
}


@article{bates2013lme4,
  title={lme4: Linear mixed-effects models using Eigen and S4},
  author={Bates, Douglas and Maechler, Martin and Bolker, Ben and Walker, Steven},
  journal={R package version},
  volume={1},
  number={4},
  year={2013}
}

@article{clarke_hunt2015,
  title={Failure of intuition when presented with a choice between investing in a single goal 
or splitting resources between two goals
},
  author={Alasdair D. F Clarke and Amelia R. Hunt},
  journal={Psychological Science},
  volume={},
  number={},
  pages={},
  year={2015},
}

%%%%%%%%%%%%%%%%%%%%%%%%%%%%%%%%%%%%%%%%%%%%%%%%%%%%%%%%%%%%%%%%%%%%%%%%%%%%%%%
% Models of Visual Search
%%%%%%%%%%%%%%%%%%%%%%%%%%%%%%%%%%%%%%%%%%%%%%%%%%%%%%%%%%%%%%%%%%%%%%%%%%%%%%%
@inbook{wolfe2007,
	author = {J. M. Wolfe},
	title = {Guided Search 4.0: Current Progress with a model of visual search.},
	booktitle = {Integrated Models of Cognitive Systems},
	editor = {W. Gray},
	pages = { 99-119},
	publisher = { New York: Oxford},
	year = {2007}
}	


@conference{oliva2003,	
	author = {Oliva, A. and Torralba, A. and Castelhano, M. and	 Henderson, J. M.},
	title = {Top-down control of visual attention in object detection},
	booktitle = {Proceedings of the International Conference on Image Processing},
  volume = {1},
 	pages = {253-256},
	publisher = {Los Alamitos, CA: IEEE},
	year = {2003}
}

@article{zhang2010,
  title={Gambling in the visual periphery: a conjoint-measurement analysis of human ability to judge visual uncertainty},
  author={Zhang, H. and Morvan, Camille and Maloney, Laurence T},
  journal={PLoS computational biology},
  volume={6},
  number={12},
  pages={e1001023},
  year={2010},
}

@book{fox2010,
  title={An R companion to applied regression},
  author={Fox, John and Weisberg, Harvey Sanford},
  year={2010},
  publisher={Sage Publications}
}


@article{cornelissen2002,
year={2002},
issn={0743-3808},
journal={Behavior Research Methods, Instruments, \& Computers},
volume={34},
number={4},
doi={10.3758/BF03195489},
title={The Eyelink Toolbox: Eye tracking with MATLAB and the Psychophysics Toolbox},
url={http://dx.doi.org/10.3758/BF03195489},
publisher={Springer-Verlag},
author={Cornelissen, FransW. and Peters, EnnoM. and Palmer, John},
pages={613-617},
language={English}
}



@article{hayhoe2014,
  title={Modeling Task Control of Eye Movements},
  author={Hayhoe, M. and Ballard, D.},
  journal={Current Biology},
  volume={24},
  number={13},
  pages={R622--R628},
  year={2014},
  publisher={Elsevier}
}

@article{land2000,
  title={From eye movements to actions: how batsmen hit the ball},
  author={Land, Michael F and McLeod, Peter},
  journal={Nature neuroscience},
  volume={3},
  number={12},
  pages={1340--1345},
  year={2000},
  publisher={Nature Publishing Group}
}


@article{jordan1998,
  title={Object-based inhibition of return in static displays},
  author={Jordan, Heather and Tipper, Steven P},
  journal={Psychonomic Bulletin \& Review},
  volume={5},
  number={3},
  pages={504--509},
  year={1998},
  publisher={Springer-Verlag}
}


 @article{verghese2012,
  title={Active search for multiple targets is inefficient},
  author={Verghese, Preeti},
  journal={Vision research},
  volume={74},
  pages={61--71},
  year={2012},
  publisher={Pergamon}
}


@article{kruger2013,
  title={Inhibition of return across eye and object movements: The role of prediction.},
  author={Kr{\"u}ger, Hannah M and Hunt, Amelia R},
  journal={Journal of Experimental Psychology: Human Perception and Performance},
  volume={39},
  number={3},
  pages={735},
  year={2013},
  publisher={American Psychological Association}
}



@article{morvan2012,
  title={Human visual search does not maximize the post-saccadic probability of identifying targets},
  author={Morvan, Camille and Maloney, Laurence T},
  journal={PLoS computational biology},
  volume={8},
  number={2},
  pages={e1002342},
  year={2012},
  publisher={Public Library of Science}
}

@article{zhang2012,
  title={Very Slow Search and Reach: Failure to Maximize Expected Gain in an Eye-Hand Coordination Task},
  author={Zhang, Hang and Morvan, Camille and Etezad-Heydari, Louis-Alexandre and Maloney, Laurence T},
  journal={PLoS computational biology},
  volume={8},
  number={10},
  pages={e1002718},
  year={2012},
  publisher={Public Library of Science}
}



@article{clarke2009,
    author  = "A. D. F. Clarke and P. R. Green and M. Chantler",
    title   = "Modelling Visual Search on a Rough Surface",
    year    = "2009",
    journal = "Journal of Vision",
    volume  = "9x",
    issue  = "4(11)",
    pages   = "1-12"
}


@article{clarke2009b,
    author  = "A. D. F. Clarke and P. R. Green and M. Chantler",
    title   = "Stochastic Search for a target on a textured background",
    year    = "2009",
    journal = "in review",
    volume  = "xx",
    issue  = "xx",
    pages   = "xxxx--xxxx"
}

@article{rao2002,
    author  = {P. N. Rao and G. J. Zelinsky and M. M. Hayhoe and D. H. Ballard},
    title   = {Eye movements in iconic visual search},
    year    = {2002},
    journal = {Vision Research},
    volume  = {42},
    issue  = {11},
    pages   = {1447-1463}
}

@conference{pomplun2000,	
	author = {Pomplun, M. and Reingold, E. M. and J. Shen and D. E. Williams},
	title = {The area activation model of saccadic selectivity in visual search},
	booktitle = {Proceedings of the twenty-second annual conference of the cognitive science society},
	editor = {L. R. Gleitman and A. K. Joshi},
 	pages = {375-380},
	publisher = {Mahwah, NJ Erlbaum},
	year = {2000}
}

@incollection{pomplun2007,
	author = {Pomplun, M.},
	title = {Advancing Area Activation towards a General Model of Eye Movements in Visual Search},
	booktitle = {Integrated Models of Cognitive Systems},
	editor = {W. D. Gray},
	publisher = {New York Oxford University Press},
	pages = {120 - 131},
	year = {2007}
}
		
@article{pomplun2003,
author = {M. Pomplun and J. Shen and E. M. Reingold},
title = {Area activation: A computational model of saccadic selectivity in visual search},
journal = {Cognitive Science},
volume = {27},
pages = {299 - 312},
year = {2003},
}


@article{navalpakkam-itti2007, 
	title = {Search goal tunes visual features optimally}, 
	author = {V. Navalpakkam and L. Itti}, 
	journal = {Neuron},
 	month = {Feb},
  year = {2007}, 
  volume = {53},
  number = {4}, 
  pages = {605-617}, 
}

@article{beck2006a, 
	title = {Explicit memory for rejected distracters during visual search}, 
	author = {M. R. Beck and M. S. Peterson and W. R. Boot and M. Vomela and A. F. Kramer}, 
	journal = {Visual Cognition},
  year = {2006}, 
  volume = {14}, 
  pages = {150-174}, 
}


@article{beck2006b, 
	title = {Memory for where, but not what, is used during visual search},
	author = {M. R. Beck and M. S. Peterson and M. Vomela}, 
	journal = {Journal of Experimental Psychology: Human Perception and Performance},
  year = {2006}, 
  volume = {32}, 
  pages = {235-250}, 
}
@article{navalpakkam-itti2005, 
	title = {Modeling the influence of task on attention}, 
	author = {V. Navalpakkam and L. Itti}, 
	journal = {Vision Research},
  year = {2005}, 
  volume = {45},
  pages = {205-231}, 
}

@article{melloy2006, 
	title = {A model of extended, semi-systematic visual search}, 
	author = {B. J. Melloy and S. Das and A. K. Gramopadhye and A. T. Duckiwski}, 
	journal = {Human Factors},
  year = {2006}, 
  volume = {48},
  issue = {3},
  pages = {540-554}, 
}

@article{morawski1980, 
	title = {Predicting Search Performance for Multiple Targets}, 
	author = {T. Morawski and C. G. Drury and M. H. Karwan}, 
	journal = {Human Factors},
  year = {1980}, 
  volume = {22},
  issue = {6},
  pages = {707-718}, 
}

@article{arani1984, 
	title = {A Variable-Memory Model of Visual Search}, 
	author = {Arani, T. and Karwan, M. H. and Drury, C. G.}, 
	journal = {Human Factors},
  year = {1984}, 
  volume = {26},
  issue = {6},
  pages = {631-639}, 
}


@article{over2006, 
	title = {A quantitative measure for the uniformity of fixation density: The Voronoi method}, 
	author = {Over, E. A. and Hooge, I. T. and Erkelens, C. J.}, 
	journal = {Behaviour Research Methods},
  year = {2006}, 
  volume = {38},
  issue = {2},
  pages = {251-261}, 
}

@article{voronoi1907, 
	title = {Nouvelles applications des paramètres continus à la théorie des formes quadratiques}, 
	author = {Georgy Voronoi}, 
	journal = {Journal für die Reine und Angewandte Mathematik},
  year = {1907}, 
  volume = {133},
  pages = {97-178}, 
}


@article{over2003, 
	title = {Visual search: saccade parameters depend on the shape of the search area [Abstract]}, 
	author = {Over, E. A. and Hooge, I. T. and Erkelens, C. J.}, 
	journal = {Journal of Vision},
  year = {2003}, 
  volume = {3},
  issue = {9},
  number = {429},
  pages = {251-261}, 
}


@article{hwang2009, 
	title = {A model of top-down attentional control during visual search in complex scenes}, 
	author = {A. D. Hwang and E. C. Higgins and M. Pomplun}, 
	journal = {Journal of Vision},
  year = {2009}, 
  volume = {9(5)},
  issue = {25},
  pages = {1-18}, 
}

@article{stone1960, 
	title = {Models for choice-reation time}, 
	author = {M. Stone}, 
	journal = {Psychometrika},
  year = {1960}, 
  pages = {251-260}, 
}

@article{zelinsky2008, 
	title = {A theory of eye movements during target acquisition}, 
	author = {Gerg J. Zelinsky}, 
	journal = {Psychological Review},
  year = {2008}, 
  volume = {115},
  pages = {787-835}, 
}

@article{reeves2005, 
	title = {A random-ray model for speed and accuracy in perceptual experiments}, 
	author = {A. Reeves and N. Santhi and S. DeCaro}, 
	journal = {Spatial Vision},
  year = {2005}, 
  volume = {115},
  pages = {73-83}, 
}

@incollection{motter-holsapple2001, 
	title = {Separating attention from chance in active visual search}, 
	author = {Motter, B. C. and Holsapple, J. W.}, 
	booktitle = {Visual attention and neural circuits},
	editor = {J. Braun and C. Koch and J. Davis},
  year = {2001}, 
  pages = {159-175}, 
  publisher = {Cambridge, MA: MIT Press}
}


@article{backer2001, 
	title = {Data- and model-driven Gaze Control for an Active-Vision System}, 
	author = {Backer, G. and Mertsching, B. and Bollmann, M.}, 
	journal = {IEEE Transactions on Pattern Analysis and Machine Intelligence},
  year = {2001}, 
  volume = {23},
  issue = {12},
  pages = {1415-1429}, 
}




@incollection{frintrop2005,
	author = {S. Frintrop and G. Backer and E. Rome},
	title = {Goal directed search with a top-down modulated computational attention system},
	booktitle = {In Proceedings of the Annual Meeting of German Association for Pattern Recognition},
	year = {2005},
	publisher = {Wein, Austria}
}

@book{frintrop2006,	
	author = {Simone Frintrop},
	title = {VOCUS: A Visual Attention System for Object Detection and Goal-directed Search (PhD Thesis)},
	booktitle = {Lecture Notes in Artificial Intelligence},
	publisher = {Springer Berlin/Heidelberg},
	year = {2006},
	}
	
%%%%%%%%%%%%%%%%%%%%%%%%%%%%%%%%%%%%%%%%%%%%%%%%%%%%%%%%%%%%%%%%%%%%%%%%%%%%%%%
% Foveal Vision
%%%%%%%%%%%%%%%%%%%%%%%%%%%%%%%%%%%%%%%%%%%%%%%%%%%%%%%%%%%%%%%%%%%%%%%%%%%%%%%	

@incollection{geisler-perry1998,
author = {Geisler, W. S. and Perry, J. S.}, 
title = {A real-time foveated multiresolution system for low-bandwidth video communication},
editor = {B. E. Rogowitz and T. N. Pappas},
booktitle = {Human vision and electronic imaging III},
pages = {294-305},
publisher = {Bellingham, WA: SPIE.},
year = {1998}
}	
	

@incollection{perry-geisler2002,
author = {Perry, J. S. and Geisler, W. S.}, 
title = {Gaze-contingent real-time simulation of arbitrary visual fields},
editor = {B. E. Rogowitz and T. N. Pappas},
booktitle = {Human vision and electronic imaging VII},
pages = {294-305},
publisher = {Bellingham, WA: SPIE.},
year = {1998}
}	

	
	
@incollection{geisler-perry2002,
author = {Geisler, W. S. and Perry, J. S.}, 
title = {Real-time simulation of arbitrary visual fields},
editor = {A. T. Duchowski},
booktitle = {Eye Tracking Research \& Applications Symposium: Proceedings ETRA},
pages = {83-87},
publisher = {New York: Association for Computing Machinery},
year = {2002},
}	

@article{zelinsky2003, 
	author = {G. J. Zelinsky}, 
	title = {Detecting changes between real-world objects using spatio-chromatic filters}, 
	journal = {Psychonomic Bulletin and Review},
  year = {2003}, 
  volume = {10},
  pages = {533-555}, 
}


@article{klein-farrell1989, 
	title = {Search performance without eye movements}, 
	author = {Raymond Klein and Mark Farrell}, 
	journal = {Perception \& Psychophysics},
  year = {1989}, 
  volume = {46},
  issue = {5},
  pages = {476-482}, 
}
	
%%%%%%%%%%%%%%%%%%%%%%%%%%%%%%%%%%%%%%%%%%%%%%%%%%%%%%%%%%%%%%%%%%%%%%%%%%%%%%%
% Ideal Observer - Najemnik & Geisler
%%%%%%%%%%%%%%%%%%%%%%%%%%%%%%%%%%%%%%%%%%%%%%%%%%%%%%%%%%%%%%%%%%%%%%%%%%%%%%%

@article{najemnik-geisler2005,
	author = {Najemnik, J. and Geisler, W. S.},
	title =  {Optimal eye move ment strategies in visual search},
	journal = {Nature},
	volume ={434},
	pages ={387-391},
	year = {2005},
}

@article{najemnik-geisler2008,
	author = {Najemnik, J. and Geisler, W. S.},
	title = {Eye movement statistics in humans are consistent with an optimal search strategy},
	journal = {Journal of Vision},
	volume = {8(3)},
	issue = {4},
	pages = {1-14},
	year = {2008},
}


%%%%%%%%%%%%%%%%%%%%%%%%%%%%%%%%%%%%%%%%%%%%%%%%%%%%%%%%%%%%%%%%%%%%%%%%%%%%%%%
% Guided Search
%%%%%%%%%%%%%%%%%%%%%%%%%%%%%%%%%%%%%%%%%%%%%%%%%%%%%%%%%%%%%%%%%%%%%%%%%%%%%%%
	
	@article{wolfe1989,
	author = {J. M. Wolfe and K. R. Cave and S. L. Franzel},
	title = {Guided Search: An Alternative to the Feature Integration Model for Visual Search},
	journal = {Journal of Experimental Psychology: Human Perception and Performance},
	volume = {15},
	issue = {3},
	pages = {419-433},
	year = {1989}
}

	
@article{cave-wolfe1990,
	author = {K. R. Cave and J. M. Wolfe},
	title = {Modelling the role of parallel processing in visual search},
	journal = {Cognitive Psychology},
	volume = {22},
	pages = {225-271},
	year = {1990}
}

@article{wolfe1994,
	author = {J. M. Wolfe},
	title = {Guided Search 2.0: A Revised Model of Visual Search},
	journal = {Psychonomic Bulletin and Review},
	volume = {1},
	issue = {2},
	pages = {202-238},
	year = {1994}
}

@incollection{wolfe-gancarz1996,
	author = {J. M. Wolfe and G. Gancarz},
	title = {Guided Search 3.0},
	booktitle = {Basic  Clinical Applications of Vision Science},
	editor = {V. Lakshminarayanan},
	pages = {189-192},
	publisher = {Dordrecht, Netherlands: Kluwer Academic},
	year = {1996}
}
	


@article{neider-zelinsky2006a,
	author = {Neider, M. B. and Zelinsky, G. J.},
	title = {Scene context guides eye movements during search},
	journal = {Vision Research},
	volume = {46},
	pages = {614-621},
	year = {2006}
}


%%%%%%%%%%%%%%%%%%%%%%%%%%%%%%%%%%%%%%%%%%%%%%%%%%%%%%%%%%%%%%%%%%%%%%%%%%%%%%%
% Visual Search - Backgrounds
%%%%%%%%%%%%%%%%%%%%%%%%%%%%%%%%%%%%%%%%%%%%%%%%%%%%%%%%%%%%%%%%%%%%%%%%%%%%%%%

@article{wolfe2002,
	author = {J. M. Wolfe and Oliva, A. and Horowitz, T.S. and Butcher, S. J. and Bompas, A.},
	title = {Segmentation of objects from backgrounds in visual search tasks},
	journal = {Vision Research},
	volume = {42},
	issue = {28},
	pages = {2985--3004},
	year = {2002}
}

@article{neider-zelinsky2006b,
	author = {Neider, M. B. and Zelinsky, G. J.},
	title = {Searching for camouflaged targets: Effects of target-background similarity on visual search},
	journal = {Vision Research},
	volume = {46},
	issue = {14},
	pages = {2217-2235},
	year = {2006}
}

@article{clarke2008,
	author = {A. D. F. Clarke and P. R. Green and M. Chantler and K. Emrith},
	title = {Visual Search for a Target Against a $1/f^{\beta}$ Continuous Textured Background},
	journal = {Vision Research},
	volume = {48},
	issue = {21},
	pages = {2193-2203},
	year = {2008}
}

@article{boot2009,
	author = {Walter R. Boot and Ensar Becic and Arthur F. Kramer},
	title = {Stable individual differences in search strategy?: The effect of task demands and motivational factors on scanning strategy in visual search},
	journal = {Journal of Vision},
	volume = {9(3)},
	issue = {7},
	pages = {1-16},
	year = {2009}
}

%%%%%%%%%%%%%%%%%%%%%%%%%%%%%%%%%%%%%%%%%%%%%%%%%%%%%%%%%%%%%%%%%%%%%%%%%%%%%%%
% Visual Search - Memory
%%%%%%%%%%%%%%%%%%%%%%%%%%%%%%%%%%%%%%%%%%%%%%%%%%%%%%%%%%%%%%%%%%%%%%%%%%%%%%%


@article{tseng-li2004,
	author = {Tseng, Y. C. and Li, C. S.},
	title = {Oculomotor correlates of context-guided learning in visual search},
	journal = {Perception \& Psychophysics},
	volume = {66},
	issue = {8},
	pages = {1363-1378},
	year = {2004}
}

@article{boot2004,
	author = {W. R. Boot and J. S. McCarley and A. F. Kramerand M. S. Peterson},
	title = {Automatic and intentional memory processes in visual search},
	journal = {Psychonomic Bulletin \& Review},
	volume = {5},
	pages = {54-861},
	year = {2004}
}

@article{kuna2008,
	author = {Kuna, M. A. and Flusberg, S and Wolfe, J. M.},
	title = {The role of memory and restricted context in repeated visual search},
	journal = {Perception and Psychophysics},
	volume = {70},
	issue = {2},
	pages = {314-328},
	year = {2008}
}

@article{horowitz-wolfe1998,
	author = {T. S. Horowitz and J. M. Wolfe},
	title = {Visual Search has no Memory},
	journal = {Nature},
	volume = {357},
	pages = {575-577},
	year = {1998}
}

@article{horowitz-wolfe2001,
	author = {T. S. Horowitz and J. M. Wolfe},
	title = {Search for multiple targets: Remember the targets, forget the search},
	journal = {Perception and Psychophysics},
	volume = {63},
	issue = {2},
	pages = {272-285},
	year = {2001}
}

@article{kunar2008,
	author = {M. A. Kunar and S. Flusberg and J. M. Wolfe},
	title = {The role of memory and restricted context in repeated visual search},
	journal = {Perception and Psychophysics},
	volume = {70},
	issue = {2},
	pages = {314-328},
	year = {2001}
}

@article{wolfe2000,
	author = {J. M. Wolfe and N. Klempen and K. Dahlen},
	title = {Postattentive Vision},
	journal = {Journal of Experimental Psychology: Human Perception and Performance},
	volume = {26},
	issue = {2},
	pages = {693-716},
	year = {2000}
}

@article{over2006,
	author = {E. A. Over and I. T. Hooge and C. J. Erkelens},
	title = {A quantitative measure for the uniformity of fixation density: The Voronoi method.},
	journal = {Behaviour Research Methods},
	volume = {38},
	issue = {2},
	pages = {251-261},
	year = {2006}
}

@article{greene2008,
	author = {H. H. Greene},
	title = {Distance-from-target dynamics during visual search.},
	journal = {Vision Research},
	volume = {48},
	issue = {23-24},
	pages = {2476-2484},
	year = {2008}
}

@article{aks2002,
	author = {D. J. Aks and G. Zelinsky and J. C. Sprott},
	title = {Memory across eye-movements: $1/f$ dynamic in visual search.},
	journal = {Journal of Non-linear Dynamics in Psychology \& the Life Sciences},
	volume = {6},
	issue = {1},
	pages = {1-15},
	year = {2002}
}

%%%%%%%%%%%%%%%%%%%%%%%%%%%%%%%%%%%%%%%%%%%%%%%%%%%%%%%%%%%%%%%%%%%%%%%%%%%%%%%
% Visual Search - General
%%%%%%%%%%%%%%%%%%%%%%%%%%%%%%%%%%%%%%%%%%%%%%%%%%%%%%%%%%%%%%%%%%%%%%%%%%%%%%%



@article{gilchrist-harvey2006,
	author = {Gilchrist, I. D. and Harvey, M.},
	title = {Evidence for a systematic component within scan paths in visual search},
	journal = {Visual Cognition},
	volume = {14},
	pages = {704-715},
	year = {2006}
}



@article{over2007,
	author = {Over, E. A. and Hooge, I. T. and Vlaskamp, B. N. and Erkelens, C. J.},
	title = {Coarse-to-fine eye movements strategy in visual search},
	journal = {Vision Research},
	volume = {47},
	pages = {2272-2280},
	year = {2007}
}



@incollection{aks2005,
	author = {D. Aks},
	title = {$1/f$ dynamic in complex visual search: Evidence for Self-Organized Criticality in human perception},
	booktitle = {Tutorials in comtemporary nonlinear methods for the behavioral sciences},
	editor = {M. A. Riley},
	pages = {329-359},
	year = {2006}
}


@article{wolfe2005,
	author = {Wolfe, J. M. and Horowitz, T. S. and Kenner, N. M.},
	title = {Cognitive psychology: Rare items often missed in visual searches.},
	journal = {Nature},
	volume = {435},
	pages = {439-440},
	year = {2005}
}

@article{wolf2007,
	author = {Wolfe, J. M. and Horowitz, T. S. and Van Wert, M. J. and Kenner, N. M. and Place, S. S., and Kibbi, N.},
	title = {Low target prevalence is a stubborn source of errors in visual search tasks},
	journal = {Journal of Experimental Psychology: General},
	volume = {136},
	pages = {623-638},
	year = {2007}
}


@article{rich2008,
	author = {Rich, A. and Kunar, M. A. and Van Wert, M.J. and Hidalgo-Sotelo, B. and Horowitz, T.S. and Wolfe, J.M.},
	title = {Why do we miss rare targets? Exploring the boundaries of the low prevalence effect},
	journal = {Journal of Vision},
	volume = {8},
	issue = {15},
	pages = {1-17},
	year = {2009}
}

@article{van-vert2009,
	author = {Michael J. Van Wert and Todd S. Horowitz and Jeremy M. Wolfe},
	title = {Even in correctable search, some types of rare targets are frequently missed},
	journal = {Attention, Perception \& Psychophysics},
	volume = {7},
	pages = {541-553},
	year = {2009}
}


@article{reynolds-chelazzi2004,
	author = {Reynolds, J. H. and Chelazzi, L.},
	title = {Attentional modulation of visual processing},
	journal = {Annual Review of Neuroscience},
	volume = {27},
	pages = {647},
	year = {2004}
}

@article{treisman-gelade1980,
	author = {A. Treisman and G. Gelade},
	title = {A feature-integration theory of attention},
	journal = {Cognitive Psychology},
	volume = {12},
	pages = {97-136},
	year = {1980}
}

@incollection{rajashekar2002,
	author = {U. Rajashekar and L. K. Cormack and A. C. Bovil},
	title = {Visual search: Structure from noise.},
	booktitle = {In Proceedings of the eye tracking research \& applications symposium},
	pages = {119-123},
	year = {2002},
	publisher = {New Orleans: ACMPress}
}

@article{rajashekar2006,
	author = {U. Rajashekar and A. C. Bovik and L. K. Cormack},
	title = {Visual Search in Noise: Revealing the Influence of Structural Cues by Gaze-contingent Classification Image Analysis},
	journal = {Journal of Vision, Special Issue on Finding visual features: Using stochastic stimuli},
	pages = {379-386},
	year = {2006},
	volume = {6},
	issue = {4}
}

@book{findlay-gilchrist2003,
author = {John M. Findlay and Iain D. Gilchrist},
title = {Active Vision: The Psychology of Looking and Seeing},
year = {2003},
publisher = {Oxford Psychology Series},
}




@book{pashler1998,
	author = {Hal Pashler},
	title ={Attention},
	publisher = {Philadelphia: Taylor \& Francis Press},
	year = {1998}
	}
	
	@book{wright1998,
	author = {Richard D. Wright},
	title ={Visual Attention},
	publisher = {Oxford University Press},
	year = {1998}
	}



@incollection{wolfe1998a,
	author = {J. M. Wolfe},
	title = {Visual Search},
	booktitle = {Attention},
	editor = {Pashler H.},
	publisher = {London UK: University College London Press},
	year = {1998}
}

@article{wolfe1998b,
	author = {Jeremy M. Wolfe},
	title = {What can 1 million trials tell us about visual search},
	journal = {Psychological Science},
	volume = {9},
	issue = {1},
	pages = {33-39},
	year = {1997}
}

@article{zelinsky1997,
	author = {Zelinsky, G. J. and Rao, R. P. N. and Hayhoe, M. M. and Ballard, D. H.},
	title = {Eye movements reveal the spatiotemporal dynamics of visual search},
	journal = {Psychological Science},
	volume = {8},
	issue = {6},
	pages = {448-453},
	year = {1997}
}


@article{verghese2001,
	author = {Preeti Verghese},
	title = {Visual Search and Attention: A Signal Detection Theory Approach},
	journal = {Neuron},
	volume = {31},
	pages = {523-535},
	year = {2001}
}
@article{motter-simoni2008,
	author = {B. C. Motter and Diglio A. Simoni},
	title = {Changes in the function visual field during search with and without eye movements},
	journal = {Vision Research},
	volume = {},
	pages = {},
	year = {2008}
}


@article{motter-holsapple2007,
	author = {B. C. Motter and J. W. Holsapple},
	title = {Saccades and covert shifts of attention during active visual search: Spatial distributions, memory, and items per fixation},
	journal = {Vision Research},
	volume = {47},
  pages = {1261-1281},
	year = {2007}
}

@article{palmer2000,
	author = {John Palmer and Preeti Verghese and Misha Pavel},
	title = {The psychophysics of visual search},
	journal = {Vision Research},
	volume = {40},
	pages = {1227-1268},
	year = {2000}
}

@article{cave-bichot1999,
	author = {Cave, K. R. and Bichot, N. P.},
	title = {Visuospatial attention: beyond a spotlight model},
	journal = {Psychonomic Bulletin \& Review},
	volume = {6},
	pages = {204-223},
	year = {1999}
}

@article{motter-holsapple2000,
	author = {Motter, B. C. and Holsapple, J. W.},
	title = {Cortical image density determines the probability of target discovery during active search},
	journal = {Vision Research},
	volume = {40},
	pages = {1311-1322},
	year = {2000}
}

@article{findlay1997,
	author = {J. M. Findlay},
	title = {Saccade target selection during visual search},
	journal = {Vision Research},
	volume = {37},
	pages = {617-631},
	year = {1997}
}

@article{findlay2001,
	author = {Findlay, J. M. and Brown, V. and Gilchristm I. D.},
	title = {Saccade target selection in visual search: the effect of information from the previous fixation},
	journal = {Vision Research},
	volume = {41},
	pages = {87-95},
	year = {2001}
}

@incollection{yanulevskaya2008,
	author = {Yanulevskaya, V. and Geusebroek, J. M. and Marsman, J. B. C. and Cornelissen, F. W.},
	title = {Natural image statistics differ for fixated vs non-fixated regions},
	booktitle = {Perception CVP Abstract Supplement},
	volume = {37},
	pages = {56},
	year = {2008},
	}


@incollection{zelinsky2006,
	author = {G. J. Zelinsky and W. Zhang and B. Yu and X. Chen and D Samaras},
	title = {The role of top-down and bottom-up processes in guiding eye movements during visual search},
	booktitle = {Advances in Neural Information},
	editor = {Y. Weiss and B. Scholkopf and J. Platt},
	publisher = {Cambridge, MA: MIT Press},
	volume = {18},
	pages = {1569-1576},
	year = {2007},
	}
	
	%%%%%%%%%%%%%%%%%%%%%%%%%%%%%%%%%%%%%%%%%%%%%%%%%%%%%%%%%%%%%%%%%%%%%%%%%%%%%%%
% Noise
%%%%%%%%%%%%%%%%%%%%%%%%%%%%%%%%%%%%%%%%%%%%%%%%%%%%%%%%%%%%%%%%%%%%%%%%%%%%%%%
	
@article{burgess1981,
	author = {A. E. Burgess and R.F. Wagner and R. J. Jennings and H. B. Barlow},
	title = {Efficiency of human visual signal discrimination},
	journal = {Science},
	volume = {214},
	issue = {4516},
	pages = {93-94},
	year = {1981}
}

@article{burgess1985,
	author = {A. E. Burgess},
	title = {Visual signal detection. III. On Bayesian use of prior knowledge and cross correlation},
	journal = {Journal of the Optical Society of America A},
	volume = {2},
	issue = {9},
	pages = {1498-1507},
	year = {1985}
}

@article{burgess1988,
	author = {A. E. Burgess and B. Colborne},
	title = {Visual signal detection. IV. Observer inconsistency},
	journal = {Journal of the Optical Society of America A},
	volume = {5},
	issue = {4},
	pages = {617-627},
	year = {1988}
}

@article{swensson-judy1981,
	author = {R. G. Swensson and P. F. Judy},
	title = {Detection of noisy visual targets: models for the effects of spatial uncertainty and signal-to-noise ratio.},
	journal = {Perception \& Psychophysics},
	volume = {29},
	issue = {6},
	pages = {521-34},
	year = {1981}
}

@article{park2005,
	author = {Park S and Clarkson E and Kupinski MA and Barrett HH.},
	title = {Efficiency of the human observer detecting random signals in random backgrounds.},
	journal = {Journal of the Optical Society of America A},
	volume = {22},
	issue = {1},
	pages = {3-16},
	year = {2005}
}


@article{levi2005,
	author = {Levi DM and Klein SA and Chen I.},
	title = {What is the signal in noise?},
	journal = {Vision Research},
	volume = {45},
	issue = {14},
	pages = {1835-1846},
	year = {2005}
}

@article{myers1985,
	author = {K. J. Myers and H. H. Barrett and M. C. Borgstrom and D. D. Patton and G. W. Seeley},
	title = {Effect of noise correlation on detectability of disk signals in medical imaging},
	journal = {Journal of the Optical Society of America A},
	volume = {2},
	issue = {10},
	pages = {1752-1759},
	year = {1985}
}



%%%%%%%%%%%%%%%%%%%%%%%%%%%%%%%%%%%%%%%%%%%%%%%%%%%%%%%%%%%%%%%%%%%%%%%%%%%%%%%
% Visual Search - different Stimuli
%%%%%%%%%%%%%%%%%%%%%%%%%%%%%%%%%%%%%%%%%%%%%%%%%%%%%%%%%%%%%%%%%%%%%%%%%%%%%%%

@article{verma-mcmwan2008,
	author = {Milan Verma and Peter W. McOwan},
	title = {Generating customised experimental stimuli for visual search using Genetic Algorithms shows evidence for a continuum of search efficiency},
	journal = {Vision Research},
	volume = {},
	pages = {},
	year = {2008}
}
	

@article{biederman1988,
	author = {I. Biederman and T. W. Blickle and R. C. Teitelbaum and G. J. Klatsky},
	title = {Object search in nonscene displays. Journal of Experimental Psychology},
	journal = {Journal of Experimental Psychology},
	volume = {14},
	pages = {456-467},
	year = {1988}
}

@article{levin1996,
	author = {D. T. Levin and Y. Takarae and A. Miner and F. C. Keil},
	title = {Efficient visual search by category: Specifying the features that mark the difference between artifacts and animals in preattentive vision},
	journal = {Perception \& Psychophysics},
	volume = {63},
	pages = {676-697},
	year = {2001}
}

@article{levin2001,
	author = {D. T. Levin and Y. Takarae and A. Miner and F. C. Keil},
	title = {Efficient visual search by category: Specifying the features that mark the difference between artifacts and animals in preattentive vision},
	journal = {Perception \& Psychophysics},
	volume = {63},
	pages = {676-697},
	year = {2001}
}

@article{newell2004,
	author = {F. N. Newell and V. Brown and J. M. Findlay},
	title = {Is object search mediated by object-based or image-based representations},
	journal = {Spatial Vision},
	volume = {17},
	pages = {511-541},
	year = {2004}
}

@article{zelinsky1999,
	author = {Greg J. Zelinsky},
	title = {Precueing target location in a variable set size "`nonsearch"' task: Dissociating search-based and interference-based explanations for set size effects.},
	journal = {Journal of Experimental Psychology: Human Perception and Performance},
	volume = {25},
	pages = {875-903},
	year = {1999}
}

@article{aks-enns1996,
	author = {Aks, D. and Enns, J.},
	title = {Visual search for size is influenced by a background texture gradient},
	journal = {Journal of Experimental Psychology: Human Perception and Performance},
	volume = {22},
	pages = {1467-1481},
	year = {1996}
}

@article{biederman1973,
	author = {I. Biederman},
	title = {Searching for objects in real-world scenes},
	journal = {Journal of Experimental Psychology},
	volume = {97},
	pages = {22-27},
	year = {1973}
}

@article{brokemole-henderson2006,
	author = {Brockmole, J. R. and Henderson, J. M.},
	title = {Using real-world scenes as
contextual cues for search},
	journal = {Visual Cognition},
	volume = {13},
	pages = {99-108},
	year = {2006}
}

@article{henderson1999,
	author = {Henderson, J. M. and Weeks, P. and Hollingworth, A.},
	title = {The effects of semantic consistency on eye movements during scene viewing},
	journal = {Journal of Experimental Psychology: Human Perception and Performance},
	volume = {25},
	pages = {210-228},
	year = {1999}
}


@article{mccarley2004,
	author = {McCarley, J. S. and Kramer, A. F. and Wickens, C. D. and Vidoni, E. D. and Boot, W. R},
	title = {Visual skills in airport security screening},
	journal = {Psychological Science},
	volume = {15},
	pages = {302-306},
	year = {2004}
}

@article{oliva2004,
	author = {Oliva, A. and Wolfe, J. M. and Arsenio, H.},
	title = {Panoramic search: The interaction of memory and vision in search through a familiar scene},
	journal = {Journal of Experimental Psychology: Human Perception and Performance},
	volume = {30},
	pages = {1132-1146},
	year = {2004}
}

@article{zelinsky2001,
	author = {Zelinsky, G. J.},
	title = {ye movements during change detection: Implications for search constraints, memory limitations, and scanning strategies},
	journal = {Perception \& Psychophysics},
	volume = {63},
	pages = {209-225},
	year = {2001}
}

%%%%%%%%%%%%%%%%%%%%%%%%%%%%%%%%%%%%%%%%%%%%%%%%%%%%%%%%%%%%%%%%%%%%%%%%%%%%%%%
% Visual Saliency
%%%%%%%%%%%%%%%%%%%%%%%%%%%%%%%%%%%%%%%%%%%%%%%%%%%%%%%%%%%%%%%%%%%%%%%%%%%%%%%

@article{bruce-tsotsos2006, 
	author = {Neil D. B. Bruce and John K. Tsotsos},   
	title = {Saliency based on information maximization}, 
	journal = {Advances in Neural Information Processing Systems},
	volume = {18},
	pages = {155-162},
	year = {2006}
	}

@article{bruce-tsotsos2009, 
	author = {Neil D. B. Bruce and John K. Tsotsos},   
	title = {Saliency, attention, and visual search: An information theoretic approach}, 
	journal = {Journal of Vision},
	volume = {9(3)},
	issue = {5},
	pages = {1-24},
	year = {2009}
	}


@article{theeuwes1999, 
	author = {J. Theeuwes and A. F. Kramer and S. Hahn and D. E. Irwin and G. J. Zelinsky},   
	title = {Influence of attentional capture on oculomotor control}, 
	journal = {Journal of Experimental Psychology: Human Perception and Performance},
	volume = {25},
	pages = {1595-1608},
	year = {1999}
	}
	
@article{theeuwes-burger1998, 
	author = {J. Theeuwes and A. F. Kramer and S. Hahn and D. E. Irwin and G. J. Zelinsky},   
	title = {Attentional control during visual search: The effect of irrelevant singletons}, 
	journal = {Journal of Experimental Psychology: Human Perception and Performance},
	volume = {24},
	pages = {1342-1353},
	year = {1998}
	}
	@article{theeuwes1994, 
	author = {J. Theeuwes},   
	title = {Stimulus-driven capture and attentional set: selective search for color and visual abrupt onsets.}, 
	journal = {Journal of Experimental Psychology: Human Perception and Performance},
	volume = {20},
	issue = {4},
	pages = {799-806},
	year = {1994}
	}

	@article{theeuwes1993, 
	author = {J. Theeuwes},   
	title = {Visual selective attention: a theoretical analysis}, 
	journal = {Acta Psychologica},
	volume = {83},
	pages = {93-154},
	year = {1993}
}
	

@article{yantis-egeth1999, 
	author = {Steven Yantis and Howard E. Egeth},   
	title = {On the distinction between visual salience and stimulus-driven attentional capture}, 
	journal = {Journal of Experimental Psychology: Human Perception and Performance},
	volume = {25},
	pages = {661-676},
	year = {1999}
}
	

@article{lamy-zoarisa2009, 
	author = {Dominique Lamy and Loren Zoarisa},   
	title = {Task-irrelevant stimulus salience affects visual search}, 
	journal = {Vision Research},
	volume = {49},
	issue = {11},
	pages = {1472-1480},
	year = {2009}
}
	
	
@article{sawaki-katayama2008, 
	author = {Rise Sawaki and Jun'ichi Katayama},
	title = {Top-down directed attention to stimulus features and attentional allocation to bottom-up deviations}, 
	journal = {Journal of Vision},
	volume = {8},
	issue = {15},
	article = {4},
	pages = {1-8},
	year = {2008}
	}


 	

@article{schmidt-zelinsky2009, 
	author = {J. Schmidt and Gregory J. Zelinsky},   
	title = {Search guidance is proportional to the categorical specificity of a target cue}, 
	journal = {Quarterly Journal of Experimental Psychology},
	volume = {19},
	pages = {1-11},
	year = {2009}
	}
	
@article{castelhano2008, 
	author = {M. S. Castelhano and A. Pollatsek and K. R. Cave},   
	title = {Typicality aids search for an unspecified target, but only in identification and not in attentional guidance}, 
	journal = {Psychonomic Bulletin \& Review},
	volume = {15},
	issue = {4},
	pages = {795-801},
	year = {2008}
	}

@article{yang-zelinsky2009, 
	author = {Hyejin Yang and Gregory J. Zelinsky},   
	title = {Visual Search is Guided to Categorically Defined Targets}, 
	journal = {Vision Research},
	volume = {49},
	issue = {16},
	pages = {2095-2103},
	year = {2009}
	}

@article{bravo-farid2009, 
	author = {Mary J. Bravo and Hany Farid},   
	title = {The specificity of the search template}, 
	journal = {Journal of Vision},
	volume = {9},
	issue = {1},
	article = {34},
	pages = {1-9},
	year = {2009}
	}

@article{egeth-yantis1997, 
	author = {Howard E. Egeth and Steven Yantis},   
	title = {	VISUAL ATTENTION: Control, Representation, and Time Course}, 
	journal = {Annual Review of Psychology},
	volume = {48},
	pages = {269-297},
	year = {1997}
	}
	
@article{koch-ullman1985, 
	author = {C. Koch and S. Ullman},   
	title = {Shifts in selective visual attention: Towards the underlying neural circuitry}, 
	journal = {Human Neurobiology},
	volume = {4},
	pages = {219-227},
	year = {1985}
	}

@article{elazary-itti2008, 
	author = {Lior Elazary and Laurent Itti},  
	title = {Interesting objects are visually salieny}, 
	journal = {Journal of Vision},
	volume = {8(3)},
	number = {3}, 
	pages = {1-15},
	year = {2008}
	}

@article{tatler2007, 
	author = {B. W. Tatler},  
	title = {The central fixation bias in scene viewing: selecting an optimal viewing position independently of motor biases and image feature distributions}, 
	journal = {Journal of Vision},
	volume = {7:14},
	number = {4}, 
	pages = {1-17},
	year = {2007}
	}
	
@article{tatler-vincent2008, 
	author = {B. W. Tatler and B. T. Vincent},  
	title = {Systematic tendencies in scene viewing}, 
	journal = {Journal of Eye Movement Research},
	volume = {2(2)},
	number = {5}, 
	pages = {1-18},
	year = {2008}
	}

@article{vincent2009, 
	author = {Benjamin. T. Vincent and Roland J. Baddeley and Tom Triscianko and Iain D. Gilchrist},  
	title = {Optimal feature integration in visual search}, 
	journal = {Journal of Vision},
	volume = {9(5)},
	number = {15}, 
	pages = {1-11},
	year = {2009}
	}
	
@article{tatler2005, 
	author = {B. W. Tatler and R. J. Baddeley and I. D. Gilchrist},  
	title = {Visual correlates of fixation selection: Effects of scale and time}, 
	journal = {Vision Research},
	volume = {45},
	pages = {643-659},
	year = {2005}
}

@article{vincent2007, 
	author = {B. T. Vincent and T. Troscianko I. D. Gilchrist},  
	title = {Investigating a space-variant weighted salience account of visual selection}, 
	journal = {Vision Research},
	volume = {47},
	number = {10-12}, 
	pages = {1809-1820},
	year = {2007}
	}

@article{itti-koch1998, 
	author = {L. Itti and C. Koch and E. Niebur},  
	title = {A Model of Saliency-Based Visual Attention for Rapid Scene Analysis}, 
	journal = {IEEE Transactions on Pattern Analysis and Machine Intelligence},
	volume = {20},
	number = {11}, 
	pages = {1254-1259},
	month = {Nov},
	year = {1998}
	}
	
@article{itti-koch2000, 
	author = {L. Itti and C. Koch},  
	title = {A saliency-based search mechanism for overt and covert shifts of visual attention}, 
	journal = {Vision Research},
	volume = {40},
	number = {10-12}, 
	pages = {1489-1506},
	month = {May},
	year = {2000}
	}
	
@article{peters2005,
  author = {R. J. Peters and A. Iyer and L. Itti and C. Koch},
  title = {Components of bottom-up gaze allocation in natural images},
  journal = {Vision Research},
   year = {2005},
  volume = {45},
  number = {8},
  pages = {2397-2416},
}

@article{pomplun2006,
	author = {M. Pomplun},
	title = {Saccadic selectivity in complex visual search displays},
	journal = {Vision Research},
	volume = {46},
	pages = {1886-1900},
	year = {2006},
}

@article{baddeley-tatler2006,
	author = {Baddeley, R. J. and Tatler, B. W},
	title = {High frequency edges (but not contrast) predict where we fixate: a Bayesian system 	identification analysis},
	journal = {Vision Research},
	volume = {46},
	pages = {2824-2833},
	year = {2006}
}

@article{einhauser-koing2003,
	author = {Einhäuser, W. and Koing, P.},
	title = {Does luminance-contrast contribute to a saliency map for overt attention?},
	journal = {European Journal of Neuroscience},
	volume = {17},
	pages = {1089-1097},
	year = {2003},
}

@article{rutishauser-koch2007,
	author = {Ueli Rutishauser and Christof Koch},
	title = {Probabilistic modeling of eye movement data during conjunction search via feature-based attention},
	journal = {Journal of Vision},
	volume = {7},
	issue = {6},
	number = {5},	
	pages = {1-20},
	year = {2007},
}

@article{brainard1997,
  title={The psychophysics toolbox},
  author={Brainard, David H},
  journal={Spatial vision},
  volume={10},
  pages={433--436},
  year={1997},
  publisher={VSP}
}

@article{cornelissen2002,
  title={The Eyelink Toolbox: eye tracking with MATLAB and the Psychophysics Toolbox},
  author={Cornelissen, Frans W and Peters, Enno M and Palmer, John},
  journal={Behavior Research Methods, Instruments, \& Computers},
  volume={34},
  number={4},
  pages={613--617},
  year={2002},
  publisher={Springer}
}


@article{einhauser2006,
	author = {W. Einhäuser and U. Rutishauser and E. P. Frady and S. Nadler and  P. Königand C. Koch},
	title = { The relation of phase noise and luminance contrast to overt attention in complex 	visual stimuli},
	journal = {Journal of Vision},
	volume = {6},
	issue = {11},
	pages = {1148-58},
	year = {2006},
}

@article{henderson2003,
	author = {J. M. Henderson},
	title = {Human gaze control during real-world scene perception},
	journal = {Trends in Cognitive Sciences},
	volume = {7},
	pages = {498-504},
	year = {2003},
}


@incollection{henderson2007,
	author = {Henderson, J. M. and Brockmole, J. R. and Castelhano, M. S. and Mack, M.},
	title = {Visual saliency does not account for eye movements during visual search in real-world scenes},
	booktitle = {Eye Movement Research: Insights into Mind and Brain},
	editor = {R. v. Gompel and M. Fischer and W. Murray and R. Hill},
	publisher = {Oxford: Elsevier.},
	pages = {537-562},
	year = {2007},
}

@article{henderson2008,
	author = {J. M. Henderson and C. L. Larson and D. C. Zhu},
	title = {Full scenes produce more activation than close-up scenes and scene-diagnostic objects in parahippocampal and retrosplenial cortex: An fMRI study},
	journal = {Brain and Cognition},
	volume = {66},
	pages = {537-562},
	year = {2008}
}

@article{gao2008,
	author = {D. Gao and V. Mahadevan and N. Vasconcelos},
	title = {On the Plausibility for the Driscriminant Center-Surround Hypothesis for Visual Saliency},
	journal = {Journal of Vision},
	volume = {8(7)},
	number = {13},
	pages = {1-18},
	year = {2008}
}

@incollection{gao-vasconcelos2005,
	author = {Gao, D. and Vasconcelos, N.},
	title = {Discriminant saliency for visual recognition from cluttered scenes.},
	booktitle = {Advances in neural information processing systems},
	editors = { L. K. Saul and Y. Weiss and L. Bottou},
	volume = {17},
	publisher = {Cambridge, MA: MIT Press},
	pages = {481-488},
	year = {2005}
}




@article{walther-koch2006,
	author = {Dirk Walther and Christof Koch},
	title = {Modeling attention to salient proto-objects},
	journal = {Neural Networks},
	volume = {19},
	pages = {1395-1407},
	year = {2006}
}

@article{parkhurst2002,
	author = {Derrick J. Parkhurst and Klinton Law and Ernst Niebur},
	title = {Modeling the role of salience in the allocation of overt visual attention},
	journal = {Vision Research},
	volume = {42},
	pages = {107-123},
	year = {2002}
}

@article{parkhurst-neibur2004,
	author = {Derrick J. Parkhurst and Ernst Niebur},
	title = {Texture contrast attracts overt attention in natural scenes},
	journal = {European Journal of Neuroscience},
	volume = {19},
	pages = {783-789},
	year = {2004}
}


@article{dragoi-sur2006,
	author = {Valentin Dragoi and Mriganka Sur},
	title = {Image Structure at the Center of Gaze during Free Viewing},
	journal = {Journal of Cognitive Neuroscience},
	volume = {18},
	issue = {5},
	pages = {737-748},
	year = {2004}
}



@article{kayser2006,
	author = {C. Kayser and K. L. Nielsen and N. K. Logothetis},
	title = {Fixations in natural scenes: Interaction of image structure and image content},
	journal = {Vision Research},
	pages = {2535-2545},
	year = {2006}
}

%%%%%%%%%%%%%%%%%%%%%%%%%%%%%%%%%%%%%%%%%%%%%%%%%%%%%%%%%%%%%%%%%%%%%%%%%%%%%%%
% LNL and Texture classification/segmentation
%%%%%%%%%%%%%%%%%%%%%%%%%%%%%%%%%%%%%%%%%%%%%%%%%%%%%%%%%%%%%%%%%%%%%%%%%%%%%%%

@article{randen1999,
	title={Filtering for texture classification: a comparative study},
	author={Randen, T.},
	journal={Pattern Analysis and Machine Intelligence, IEEE Transactions on},
	year={1999},
	volume={21},
	number={4},
	pages={291-310},
}

@article{randen-husoy1999,
	title={Texture segmentation using filters with optimized energy separation},
	author={Randen, T. and Husoy, J.H.},
	journal={Image Processing, IEEE Transactions on},
	year={1999},
	volume={8},
	number={4},
	pages={571-582},
}

@article{randen-husoy1997,
	title={Optimal Filter-Bank Design for Multiple Texture Discrimination},
	author={Randen, T. and Husoy, J.H.},
	journal={International Conference on Image Processing},
	year={1999},
	pages={215-218},
}

@article{morrone-burr1988,
	title={Feature detection in human vision: a phase-dependent energy model},
	author={M. C. Morrone and D. C. Burr},
	journal={Proc. R. Soc. Lond. B },
	year={1988},
	pages={221-245},
}

@article{malik-perona1990,
	author = {J. Malik and P. Perona},
	title = {Preattentive texture discrimination with early vision mechanisms},
	journal = {Journal of the Optical Society of America A},
	volume = {7},
	pages = {993-},
	year = {1990}
}

@article{landy-oruc2002,
	author = {Landy, M. S. and Oruc, I.},
	title = {Properties of 2nd-order spatial frequency channels},
	journal = {Vision Research},
	volume = {42},
	issue = {},
	pages = {2311-2329},
	year = {2002}
}

@article{chantler2005,
	author = {Chantler, M. J. and Petrou, M. and Penirschke, A. and Schmidt, M. and McGunnigle, G.},
	title = {Classifying surface texture while simultaneously estimating illumination},
	journal = {International Journal of Computer Vision (VISI)},
	volume = {62},
	pages = {83-96},
	year = {2005},
}

@article{bovik1990,
	author = {A. C. Bovik and M. Clark and W S Geisler},
	title = {Multi-channel texture analysis using localised spatial filters.},
	journal = {IEEE Transactions on Pattern Analysis and Machine Intelligence},
	volume = {12},
	pages = {55-73},
	year = {1990}
}

@incollection{bergen-landy1991,
	author = {J. R. Bergen and M. S. Landy},
	title = {Computational modelling of visual texture segregation.},
	booktitle = {Computational Models of Visual Processing},
	editors = {M. S. Landy and J. A. Movshon},
	publisher = {Cambridge, MA: MIT Press},
	year = {1991}
}


%%%%%%%%%%%%%%%%%%%%%%%%%%%%%%%%%%%%%%%%%%%%%%%%%%%%%%%%%%%%%%%%%%%%%%%%%%%%%%%
% Texture Synthesis
%%%%%%%%%%%%%%%%%%%%%%%%%%%%%%%%%%%%%%%%%%%%%%%%%%%%%%%%%%%%%%%%%%%%%%%%%%%%%%%

@article{liu2004a,
	author = {Y. Liu and R. T. Collins and Y. Tsin},
	title = {A Computational Model for Periodic Pattern Perception Based on Frieze and Wallpaper Groups},
	journal = {IEEE Transactions on Pattern Analysis and Machine Intelligence},
	volume = {26},
	issue = {3},
	pages = {354-371},
	year = {2004}
}

@article{liu2004b,
	author = {Y. Liu and W-C. Lin and J. Hays},
	title = {Near-Regular Texture Analysis and Manipulation},
	journal = {ACM Transactions on Graphics (SIGGRAPH)},
	volume = {23},
	issue = {3},
	pages = {368-376},
	year = {2004}
}

@article{chantler1995,
	author = {Chantler, M. J.},
	title = {Why illuminant direction is fundamental to texture analysis},
	journal = {IEE Pro-ceedings Vision, Image and Signal Processing},
	volume = {142},
	pages = {199-206},
	year = {1995},
}

@article{padilla2008,
author = {S. Padilla and O. Drbohlav and P.R. Green and A.D. Spence and M.J. Chantler},
	title = {Perceived roughness of $1/f^{\beta}$ noise surfaces},
journal = {Vision Research},
	volume = {48},
	pages = {1791-1797},
	year = {2008}
}

@article{perlin2002,
author = {Ken Perlin},
	title = {Improving noise},
journal = {ACM Transactions on Graphics (TOG)},
	volume = {21},
	issue={3},
	pages = {681-682},
	year = {2002}
}


@article{perlin1989,
author = {K. Perlin and E. M. Hoffert},
	title = {Hypertexture},
journal = {Proceedings of the 16th annual conference on Computer graphics and interactive techniques},
	volume = {23},
	issue={3},
	pages = {253-262},
	year = {1989}
}
K. Perlin , E. M. Hoffert, Hypertexture, Proceedings of the 16th annual conference on Computer graphics and interactive techniques, p.253-262, July 1989 

%%%%%%%%%%%%%%%%%%%%%%%%%%%%%%%%%%%%%%%%%%%%%%%%%%%%%%%%%%%%%%%%%%%%%%%%%%%%%%%
% Natural Images - power spectra
%%%%%%%%%%%%%%%%%%%%%%%%%%%%%%%%%%%%%%%%%%%%%%%%%%%%%%%%%%%%%%%%%%%%%%%%%%%%%%%

@article{balboa-grzywacz2003,
	author = {Balboa, R. M. and Grzywacz, N. M.},
	title = {Power spectra and distribution of contrasts of natural images from different habitats},
	journal = {Vision Research},
	volume = {43}, 
	pages = {2527-2537},
	year = {2003}
}

@article{braun1993,
	author = {Braun, J.},
	title = {Shape-from-shading is independent of visual attention and may be a 'texton'},
	journal = {Spatial Vision},
	volume = {7},
	pages = {311-322},
	year = {1993}
}

@article{field1987,
	author = {Field, D. J.},
	title = {Relations between the statistics of natural images and the response profiles of cortical cells},
	journal = {Journal of the Optical Society of America},
	volume = {A},
	issue = {4},
	pages = {2379-2394},
	year = {1987},
}

@article{frazor2006,
	author = {Frazor, R. A. and Geisler, W. S.},
	title = {Local luminance and contrast in natural images},
	journal = {Vision Research},
	volume = {46},
	pages = {1585-1598},
	year = {2006},
}

@article{schaaf-hateren1996,
	author = {A. van der Schaaf and J. H. van Hateren},
	title = {Modelling the power spectra of natural images: statistics and information},
	journal = {Vision Research},
	volume = {28},
	pages = {2759-2770},
	year = {1996},
}


@incollection{voss1988,
	author = {R. F. Voss},
	title = {Fractals in nature: from characterisation to simulation},
	booktitle = {The Science of Fractal Images},
	editors = {H.O. Peitgen and D. Saupe},
	publisher = {New York: Springer-Verlag},
	pages = {21-70},
	year = {1988},
}


@article{wichmann2006,
	author = {F. A. Wichmann and D. I. Braun and K. R. Gegenfurtner},
	title = {Phase noise and the classification of natural images},
	journal = {Vision Research},
	volume = {46},
	pages = {1529-1529},
	year = {2006},
}

%%%%%%%%%%%%%%%%%%%%%%%%%%%%%%%%%%%%%%%%%%%%%%%%%%%%%%%%%%%%%%%%%%%%%%%%%%%%%%%
% Defect Detection -
%%%%%%%%%%%%%%%%%%%%%%%%%%%%%%%%%%%%%%%%%%%%%%%%%%%%%%%%%%%%%%%%%%%%%%%%%%%%%%%

@article{srinivasan1992,
	author = {K. Srinivasan and P. H. Dastoor and P. Radhakrishnaiah and S. Jayaraman},
	title = {FDAS: A knowledge-based framework for analysis of defects in woven textile structures},
	journal = {Journal of the Textile Institute},
	volume = {83},
	issue = {3},
	pages = {431-448},
	year = {1992},
}

@article{sari-sarraf1999,
	author = {H. Sari-Sarraf and J. S. Goddard},
	title = {Vision systems for on-loom fabric inspection},
	journal = {IEEE Transactions on Industry Applications },
	volume = {35},
	pages = {1252-1259},
	year = {1999},
}
%%%%%%%%%%%%%%%%%%%%%%%%%%%%%%%%%%%%%%%%%%%%%%%%%%%%%%%%%%%%%%%%%%%%%%%%%%%%%%%
% Defect Detection - filter based
%%%%%%%%%%%%%%%%%%%%%%%%%%%%%%%%%%%%%%%%%%%%%%%%%%%%%%%%%%%%%%%%%%%%%%%%%%%%%%%

@article{escofet1998,
	author = {J. Escofet and R. Navarro and M. S. Millan and J. Pladelloreans},
	title = {Detection of local defects in textiles webs using Gabor filters},
	journal = {Optical Engineering},
	volume = {37},
	pages = {2297-2307},
	year = {1998},
}

@article{kumar-pang2002,
	author = {Ajay Kumar and Grantham K. H. Pang},
	title = {Defect Detection in Textured Materials Using Gabor Filters},
	journal = {IEEE Transactions on Industry Applications},
	volume = {38},
	issue = {2},
	pages = {425-440},
	year = {2002},
}

@article{kumar-pang2000,
	author = {Ajay Kumar and Grantham K. H. Pang},
	title = {Fabric defect segmentation using multichannel blob detectors},
	journal = {Optical Engineering},
	volume = {39},
	issue = {12},
	pages = {3176-3190},
	year = {2000},
}

@article{sobral2005,
	author = {J. L. Sobral},
	title = {Optimised filters for texture defect detection},
	journal = { IEEE International Conference on Image Processing, 2005},
	volume = {3},
	pages = {565-568},
	year = {2005},
}
@article{gu1998,
	author = {Zu-Han Gu},
	title = {Detection of a small defect on a rough surface},
	journal = {Optics Letters},
	volume = {23},
	issue = {7},
	pages = {494-496},
	year = {1998},
}

@INPROCEEDINGS{Hou-Parker2005,
    author = {Zhen Hou and John´e M. Parker},
    title = {Texture Defect Detection Using Support Vector Machines with Adaptive Gabor Wavelet Features},
    booktitle = {Seventh IEEE Workshops on Application of Computer Vision},
    volume = {1},
    year = {2005},
    pages = {275-280},
}

@article{mak-peng2006,
	author = {K. L. Mak and P. Peng},
	title = {A Survey of Automated Visual Inspection},
	journal = {Detecting Defects in Textile Fabrics with Optimal Gabor Filters},
	volume = {1},
	issue = {4},
	pages = {274-282},
	year = {2006},
}


@article{ngan2005,
	author = {Henry Y. T. Ngan and Grantham K. H. Panga and S. P.Yung and Michael K. Ng},
	title = {Wavelet based methods on patterned fabric defect detection},
	journal = {Pattern Recognition},
	volume = {38},
	pages = {559-5762},
	year = {2005},
}

@article{bodnarova2002,
	author = {A. Bodnarova and M. Bennamoun and S. Latham},
	title = {Optimal Gabor filters for textile flaw detection},
	journal = {Pattern Recognition},
	volume = {35},
	pages = {2973-2991},
	year = {2002},
}

@article{teuner1995,
	author = {A. Teuner and O. Pichler and B.J. Hosticka},
	title = {Unsupervised texture segmentation of images using tuned matched Gabor fitlers},
	journal = {IEEE Transactions on Image Processing},
	volume = {4},
	issue = {6},
	pages = {863-870},
	year = {1995},
}

@INPROCEEDINGS{vautrot1996,
    author = {P. Vautrot and N. Bonnet and M. Herbin},
    title = {Comparative study of different spatial/spatial-frequency methods (Gabor filters, wavelets, wavelets packets) for texture segmentation/classification},
    booktitle = {Proceedings of the 1996 IEEE International Conference on Image Processing},
    year = {1996},
    volume = {3},
    pages = {145-148}
}

%%%%%%%%%%%%%%%%%%%%%%%%%%%%%%%%%%%%%%%%%%%%%%%%%%%%%%%%%%%%%%%%%%%%%%%%%%%%%%%
% Defect Detection - statistical based
%%%%%%%%%%%%%%%%%%%%%%%%%%%%%%%%%%%%%%%%%%%%%%%%%%%%%%%%%%%%%%%%%%%%%%%%%%%%%%%

@INPROCEEDINGS{iivarinen2000,
    author = {Jukka Iivarinen},
    title = {Surface defect detection with histogram-based texture features},
    booktitle = {Proceedings of SPIE 4197},
    year = {2000},
    pages = {140-145},
}

@article{xie-mirmehdi2007,
	author = {Xianghua Xie and Majid Mirmehdi},
	title = {TEXEMS: Texture Exemplars for Defect Detection on Random Textured Surfaces},
	journal = {IEEE Transactions on Pattern Analysis and Machine Intelligence},
	volume = {29},
	issue = {8},
	pages = {1454-1464},
	year = {2005},
}


@article{ng2006,
  author = {Hui-Fuang Ng},
  title = {Automatic thresholding for defect detection},
  journal = {Pattern Recognition Letters},
  year = {2006},
 	volume = {27},
	issue = {14},
  pages = {1644-1649},
}

@article{gururajan2008,
  author = {Arunkumar Gururajan and Hamed Sari-Sarraf},
  title = {Statistical approach to unsupervised defect detection and multiscale localization in two-texture images},
  journal = {Optical Engineering},
  year = {2006},
 	volume = {47},
	issue = {2},
}
%%%%%%%%%%%%%%%%%%%%%%%%%%%%%%%%%%%%%%%%%%%%%%%%%%%%%%%%%%%%%%%%%%%%%%%%%%%%%%%
% Defect Detection - self-organising maps
%%%%%%%%%%%%%%%%%%%%%%%%%%%%%%%%%%%%%%%%%%%%%%%%%%%%%%%%%%%%%%%%%%%%%%%%%%%%%%%

@INPROCEEDINGS{pakkanen-iivarinen2004,
    author = {J. Pakkanen and J. Iivarinen},
    title = {A novel self-organizing neural network for defect image classification},
    booktitle = {IEEE International Joint Conference on Neural Networks},
    year = {2004},
    volume = {4},
    pages = {2553--2556}
}

@INPROCEEDINGS{iivarinen-visa1998,
    author = {Jukka Iivarinen and A. Visa},
    title = {An adaptive texture and shape based defect classification},
    booktitle = {Proceedings of Fourteenth International Conference on Pattern Recognition},
    year = {1998},
    volume = {1},
    pages = {117-122}
}

%%%%%%%%%%%%%%%%%%%%%%%%%%%%%%%%%%%%%%%%%%%%%%%%%%%%%%%%%%%%%%%%%%%%%%%%%%%%%%%
% Defect Detection - other
%%%%%%%%%%%%%%%%%%%%%%%%%%%%%%%%%%%%%%%%%%%%%%%%%%%%%%%%%%%%%%%%%%%%%%%%%%%%%%%

@INPROCEEDINGS{schael2001,
    author = {Marc Schael},
    title = {Texture defect detection using invariant textural features},
    booktitle = {Proc. of 23rd DAGM Symposium in Pattern Recognition},
    year = {2001},
    pages = {17-24},
    publisher = {Springer Verlag}
}

@article{newman-jain1995,
	author = {Timothy S. Newman and Anil K. Jain},
	title = {A Survey of Automated Visual Inspection},
	journal = {Computer Vision and Image Understanding},
	volume = {61},
	issue = {2},
	pages = {231-262},
	year = {1995},
}

@article{zheng2002,
	author = {H Zhenga and L.X Kong and S Nahavandia},
	title = {Automatic inspection of metallic surface defects using genetic algorithms},
	journal = {Journal of Materials Processing Technology},
	volume = {125-126},
	pages = {427-433},
	year = {2002},
}

@article{kumar2008,
	author = {Ajay Kumar},
	title = {Computer-Vision-Based Fabric Defect Detection: A Survey},
	journal = {IEEE Transactions on Industrial Electronics},
	volume = {55},
	issue = {1},
	pages = {348-363},
	year = {2008},
}

@article{drury2002,
	author = {Colin G. Drury},
	title = {Visual inspection reliability: What we know and why we need to know it},
	journal = {16th Human Factors in Aviation Maintenance Symposium},
	pages = {348-363},
	year = {2002},
}

@article{khasawneh2003,
	author = {M. T. Khasawneh and S. Kaewkuekool and S. R. Bowling and R. Desai and X. Jiang and A. T. Duchowski and A. K. Gramopadhye},
	title = {The effects of eye movements on visual insepction performance},
	journal = {Proceedings of industrial engineering research conference},
	year = {2003},
}

%%%%%%%%%%%%%%%%%%%%%%%%%%%%%%%%%%%%%%%%%%%%%%%%%%%%%%%%%%%%%%%%%%%%%%%%%%%%%%%
% Defect Detection - Morphological
%%%%%%%%%%%%%%%%%%%%%%%%%%%%%%%%%%%%%%%%%%%%%%%%%%%%%%%%%%%%%%%%%%%%%%%%%%%%%%%

@INPROCEEDINGS{mak2005,
    author = {K. L. Mak and P. Peng and H. Y. K. Lau},
    title = {Optimal morphological filter design for fabric defect detection},
    booktitle = {IEEE International Conference on Industrial Technology},
    year = {2005},
    pages = {799-804},
}

%%%%%%%%%%%%%%%%%%%%%%%%%%%%%%%%%%
% Eye movements - reading
%%%%%%%%%%%%%%%%%%%%%%%%%%%%%%%%%

@article{rayner1998,
	author = {K. Rayner},
	title = {Eye movements in reading and information processing: 20 years of research},
	journal = {Psychological Bulletin},
	volume = {85},
	pages = {618-660},
	year = {1998},
}

%%%%%%%%%%%%%%%%%%%%%%%%%%%%%%%%%%%%%%%%%%%%%%%%%%%%%%%%%%%%%%%%%%%%
% Foveal Vision
%%%%%%%%%%%%%%%%%%%%%%%%%%%%%%%%%%%%%%%%%%%%%%%%%%%%%%%%%%%%%%%%%%%%%

@article{watson-ahumada2005,
	author = {Andrew B. Watson and Albert J. Ahumada, Jr.},
	title = {A Standard model for foveal detection of spatial contrast},
	journal = {Journal of Vision},
	volume = {5},
	issue = {9},
	pages = {717-740},
	year = {2005},
}


@article{levi2008,
	author = {Dennis M. Levi},
	title = {Crowding - An essential bottleneck for object recognition: A mini-review},
	journal = {Vision Research},
	volume = {48},
	pages = {635-654},
	year = {2008}
}

%%%%%%%%%%%%%%%%%%%%%%%%%%%%%%%%%%%%%%%%%%%%%%%%%%%%%%%%%%%
% Texture discrimination
%%%%%%%%%%%%%%%%%%%%%%%%%%%%%%%%%%%%%%%%%%%%%%%%%%%%%%%%%%%%



@article{julesz1981,
	author = {B. Julese},
	title = {Textons, the elements of texture perception, and their interactions},
	journal = {Nature},
	volume = {290},
	pages = {91-97},
	year = {1981}
}



@article{burt-adelson1983,
	author = {Burt, P. J. and Adelson, E. H.},
	title = {The Laplcaian pyramid as a compact image code},
	journal = {IEEE Transactions on Communications},
	volume = {31},
	issue = {4},
	pages = {532-540},
	year = {1983}
}


@article{leventhal1991,
	author = {Leventhal, A.},
	title = {The neural basis of visual function},
	journal = {In Vision and visual dysfunction},
	volume = {4},
	publisher = {Boca Raton, FL: CRC Press},
	year = {1991}
}

@article{deValois1982,
	author = {DeValois, R. L. and Albrecht, D. G. and Thorell, L. G.},
	title = {Spatial-frequency selectivity of cells in macaque visual cortex},
	journal = {Vision Research},
	volume = {22},
	pages = {545-559},
	year = {1983}
}

@article{tootell1988,
	author = {Tootell, R. B. and Hamilton, S. L. and Silverman, M. S. and Switkes, E.},
	title = {Functional anatomy of macaque striate cortex. i. ocular dominance, binocular interactions, and baseline conditions},
	journal = {Journal of Neuroscience},
	volume = {8},
	pages = {1500-1530},
	year = {1988}
}

@article{luschow-nothdurft1993,
	author = {Luschow, A. and Nothdurft, H. C.},
	title = {Pop-out of orientation but no pop-out of motion at isoluminance.},
	journal = {Vision Research},
	volume = {33},
	pages = {91-104},
	year = {1983}
}

@article{engel1997,
	author = {Engel, S. and Zhang, X. and  Wandell, B.},
	title = {Colour tuning in human visual cortex measured with functional magnetic resonance imaging},
	journal = {Nature},
	volume = {388},
	pages = {68-71},
	year = {1997}
}


@INPROCEEDINGS{itti-koch1999,
    author = {Itti, L. and Koch, C.},
    title = {A comparison of feature combination strategies for saliency-based visual attention systems},
    booktitle = {SPIE human vision and electronic imaging IV (HVEI'99), San Jose, CA},
    year = {1999},
    pages = {473-482},
    publisher = {Springer Verlag},
}


@article{russell2005,
author = {Russell, B. C. and Torralba, A. and Murphy, K. P. and Freeman,W. T.},
    title = {LabelMe: A database and Web-based tool for image annotation.},
    publisher = {MIT AI Lab Memo AIM-2005-025},
    year = {2005}
 }
 
 @article{itti-koch2001,
	author = {L. Itti and C. Koch},
	title = {Computational Modelling of Visual Attention},
	journal = {Nature Reviews: Neuroscience},
	volume = {2},
	pages = {1-10},
	year = {2001}
}

 @inproceedings{itti-baldi2006,
	author = {L. Itti and P. F. Baldi},
	title = {Bayesian Surprise Attracts Human Attention},
	booktitle = {Advances in Neural Information Processing Systems},
	volume = {19},
	pages = {547-554},
	publisher = {Cambridge, MA:MIT Press},
	year = {2006}
}


 @article{tavassoli2009,
	author = {Tavassoli, A. and van der Linde, I. and Bovik, A. C.},
	title = {Eye movements selective for spatial frequency and orientation during active vision search},
	journal = {Vision Research},
	volume = {49},
	pages = {173-181},
	year = {2009}
}

 @article{itti-baldi2009,
	author = {L. Itti and P. F. Baldi},
	title = {Bayesian Surprise Attracts Human Attention},
	journal = {Vision Research},
	volume = {49},
	issue = {10},
	pages = {1295-1306},
	year = {2009}
}


 @article{rauschenberger2003,
	author = {Robert Rauschenberger},
	title = {Attentional capture by auto- and allo-cues},
	journal = {Psychonomic Bulletin \& Review},
	volume = {10},
	issue = {4},
	pages = {814-842},
	year = {2003}
}

 @article{hickey2006,
	author = {Clayton Hickey and John J. McDonald and Jan Theeuwes},
	title = {Electrophysiological Evidence of the Capture of Visual Attention},
	journal = {Journal of Cognitive Neuroscience},
	volume = {18},
	issue = {4},
	pages = {604-613},
	year = {2006}
}

 @article{rayner2009,
	author = {Keith Rayner},
	title = {The 35th Sir Frederick Bartlett Lecture: Eye movements and attention in reading, scene perception, and visual search},
	journal = {The Quarterly Journal of Experimental Psychology},
	volume = {62},
	issue = {8},
	pages = {1457-1506},
	year = {2009}
}

 @article{rayner1978,
	author = {K. Rayner and G. W. McConkie and S. E. Ehrlich},
	title = {Eye movements and integrating information across fixations},
	journal = {Journal of Experimental Psychology: Human Perception and Performance},
	volume = {4},
	pages = {529-544},
	year = {1978}
}

 @article{henderson1993,
	author = {J. M. Henderson},
	title = {Eye movement control during visual object processing: Effects of initial fixation position and semantic constraint},
	journal = {Canadian Journal of Experimental Psychology},
	volume = {47},
	pages = {498-504},
	year = {1993}
}

 @article{irwin-zelinsky2002,
	author = {D. E. Irwin and G. J. Zelinsky},
	title = {Eye movements and scene perception: Memory for things observed},
	journal = {Perception \& Psychophysics},
	volume = {64},
	pages = {882-895},
	year = {2002}
	}
	
@article{klein-farrell1989,
	author = {R. M. Klein and M. Farrell},
	title = {Search performance without eye movements},
	journal = {Perception \& Psychophysics},
	volume = {66},
	issue = {5},
	pages = {476-482},
	year = {1989}
	}
@article{posner1980,
  title={Orienting of attention},
  author={Posner, Michael I},
  journal={Quarterly journal of experimental psychology},
  volume={32},
  number={1},
  pages={3--25},
  year={1980},
  publisher={Taylor \& Francis}
}

@article{yeshurun1998,
  title={Attention improves or impairs visual performance by enhancing spatial resolution},
  author={Yeshurun, Yaffa and Carrasco, Marisa},
  journal={Nature},
  volume={396},
  number={6706},
  pages={72--75},
  year={1998},
  publisher={Nature Publishing Group}
}